<?xml version="1.0" encoding="UTF-8"?><collection xmlns="http://www.loc.gov/MARC21/slim"><record><leader>00500nam--2200133-i-4500</leader><controlfield tag="001">000023202</controlfield><controlfield tag="002">20161230</controlfield><controlfield tag="005">20161230201034</controlfield><controlfield tag="008">060222s1000------------r-----000-0-eng-d</controlfield><datafield ind1=" " ind2=" " tag="080"><subfield code="a">621.039.7:628.515</subfield></datafield><datafield ind1=" " ind2=" " tag="245"><subfield code="a">Evacuation des dechets radioactifs dans les cours d`eau, les lacs et les estuaires.rapport d`un groupe d`experts publie sous les auspices de l`aiea et l`oms</subfield></datafield><datafield ind1=" " ind2=" " tag="260"><subfield code="a">Vienne, Agence Internationale De L`Energie Atomique, 1972. 77p</subfield></datafield><datafield ind1=" " ind2=" " tag="490"><subfield code="a">Collection Securite. No.36</subfield></datafield><datafield ind1=" " ind2=" " tag="852"><subfield code="a">11497</subfield></datafield></record></collection>